@book{rao2006dynamics,
  title={Dynamics of particles and rigid bodies: a systematic approach},
  author={Rao, Anil},
  year={2006},
  publisher={Cambridge University Press}
}
